@book{structuredprogramming,
 editor = {Dahl, O. J. and Dijkstra, E. W. and Hoare, C. A. R.},
 title = {Structured Programming},
 year = {1972},
 isbn = {0-12-200550-3},
 publisher = {Academic Press Ltd.},
 address = {London, UK, UK}
} 

@book{muchnick,
 author = {Muchnick, Steven S.},
 title = {Advanced Compiler Design and Implementation},
 year = {1997},
 isbn = {1-55860-320-4},
 publisher = {Morgan Kaufmann Publishers Inc.},
 address = {San Francisco, CA, USA}
} 

@book{kennedyallen,
 author = {Kennedy, Ken and Allen, John R.},
 title = {Optimizing Compilers for Modern Architectures: A Dependence-based Approach},
 year = {2002},
 isbn = {1-55860-286-0},
 publisher = {Morgan Kaufmann Publishers Inc.},
 address = {San Francisco, CA, USA}
} 

@book{purelyfunctional,
 author = {Okasaki, Chris},
 title = {Purely Functional Data Structures},
 year = {1998},
 isbn = {0-521-63124-6},
 publisher = {Cambridge University Press},
 address = {New York, NY, USA}
} 

@book{stl,
author = {Musser, David R. and Derge, Gilmer J. and Saini, Atul},
 title = {STL Tutorial and Reference Guide, Second Edition: C++ Programming with the Standard Template Library},
 year = {2001},
 isbn = {0-201-37923-6},
 publisher = {Addison-Wesley Longman Publishing Co., Inc.},
 address = {Boston, MA, USA}
} 

@book{sml,
 author = {Milner, Robin and Tofte, Mads and Macqueen, David},
 title = {The  Definition of Standard ML},
 year = {1997},
 isbn = {0262631814},
 publisher = {MIT Press},
 address = {Cambridge, MA, USA},
} 

@book{ppa,
 author = {Nielson, Flemming and Nielson, Hanne R. and Hankin, Chris},
 title = {Principles of Program Analysis},
 year = {1999},
 isbn = {3540654100},
 publisher = {Springer-Verlag},
 address = {Berlin, Heidelberg},
} 

@book{codecomplete,
 author = {McConnell, Steve},
 title = {Code Complete, Second Edition},
 year = {2004},
 isbn = {0735619670, 9780735619678},
 publisher = {Microsoft Press},
 address = {Redmond, WA, USA},
} 

@InCollection{frameproblem,
	author = "John McCarthy and Patrick J. Hayes",
	title = "Some Philosophical Problems from the Standpoint of Artificial Intelligence",
	booktitle = "Machine Intelligence 4",
	pages = "463--502",
	publisher = "Edinburgh University Press",
	year = "1969"
}

@article{jlambda,
author = {Davood Mazinanian and Ameya Ketkar and Nikolaos Tsantalis and Danny Dig},
title = {Understanding the Use of Lambda Expressions in {J}ava},
year = {2017},
volume = {1},
journal = {Proceedings ACM Programming Languages},
}

@article{serverlessdef,
author = {Sebastian Burckhardt and Chris Gillum and David Justo and Konstantinos Kallas and Connor McMahon and Christopher S. Meiklejohn},
title = {Durable Functions: Semantics for Stateful Serverless},
year = {2021},
volume = {5},
journal = {Proceedings ACM Programming Languages}
}

@article{silverbullet,
 author = {Brooks,Jr., Frederick P.},
 title = {No Silver Bullet Essence and Accidents of Software Engineering},
 journal = {Computer},
 volume = {20},
 year = {1987}
} 

@article{hinvariants,
 author = {Hoare, C. A. R.},
 title = {An Axiomatic Basis for Computer Programming},
 journal = {Communications of the ACM},
 volume = {12},
 year = {1969}
} 

@article{finvariants,
 author = {Floyd, R. W.},
 title = {Assigning meanings to programs},
 journal = {Mathematical Aspects of Computer Science},
 volume = {19},
 year = {1967}
} 

@article{loopmining,
  author    = {Miltiadis Allamanis and Earl T. Barr and Christian Bird and Premkumar T. Devanbu and Mark Marron and Charles A. Sutton},
  title     = {Mining Semantic Loop Idioms},
  journal   = {{IEEE} Transactions on Software Engineering},
  volume    = {44},
  year      = {2018}
}

@article{ssa,
 author = {Cytron, Ron and Ferrante, Jeanne and Rosen, Barry K. and Wegman, Mark N. and Zadeck, F. Kenneth},
 title = {Efficiently Computing Static Single Assignment Form and the Control Dependence Graph},
 journal = {ACM Transactions on Programming Language Systems},
 volume = {13},
 year = {1991}
} 

@article{findbugs,
 author = {Hovemeyer, David and Pugh, William},
 title = {Finding Bugs is Easy},
 journal = {SIGPLAN Notices},
 volume = {39},
 year = {2004}
} 

@article{octagons,
 author = {Min{\'e}, Antoine},
 title = {The Octagon Abstract Domain},
 journal = {Higher Order Symbolic Computation},
 volume = {19},
 year = {2006}
} 

@article{compcert,
 author = {Leroy, Xavier},
 title = {A Formally Verified Compiler Back-end},
 journal = {Journal Automated Reasoning},
 volume = {43},
 year = {2009}
} 

@article{paobjsens,
 author = {Milanova, Ana and Rountev, Atanas and Ryder, Barbara G.},
 title = {Parameterized Object Sensitivity for Points-to Analysis for {J}ava},
 journal = {ACM Transactions on Software Engineering and Methodology},
 volume = {14},
 year = {2005}
} 

@inproceedings{bosque,
author = {Marron, Mark},
title = {Toward Programming Languages for Reasoning: Humans, Symbolic Systems, and AI Agents},
year = {2023},
series = {Onward! 2023}
}

@inproceedings{smallscope,
author = {Daniel Jackson and Craig A. Damon},
title = {Elements of Style: Analyzing a Software Design Feature with a Counterexample Detector},
year = {1996},
series = {ISSTA}
}

@INPROCEEDINGS{restler,
  author={Vaggelis Atlidakis and Patrice Godefroid and Marina Polishchuk},
  booktitle={ICSE}, 
  title={RESTler: Stateful {REST API} Fuzzing}, 
  year={2019}
}

@inproceedings{adts,
 author = {Liskov, Barbara and Zilles, Stephen},
 title = {Programming with Abstract Data Types},
 booktitle = {VHLL},
 year = {1974}
}

@inproceedings{seplogic,
 author = {Reynolds, John C.},
 title = {Separation Logic: A Logic for Shared Mutable Data Structures},
 booktitle = {LICS},
 year = {2002}
} 

@inproceedings{immutabletypes,
 author = {Gordon, Colin S. and Parkinson, Matthew J. and Parsons, Jared and Bromfield, Aleks and Duffy, Joe},
 title = {Uniqueness and Reference Immutability for Safe Parallelism},
 booktitle = {OOPSLA},
 year = {2012}
} 

@inproceedings{nlyze,
author = {Sumit Gulwani and Mark Marron},
title = {NLyze: Interactive Programming by Natural Language for Spreadsheet Data Analysis and Manipulation},
year = {2014},
booktitle = {SIGMOD}
}

@inproceedings{flashfill,
author = {Sumit Gulwani},
title = {Automating String Processing in Spreadsheets Using Input-Output Examples},
year = {2011},
booktitle = {POPL}
}

@inproceedings{uist,
author = {Mayer, Mika\"{e}l and Soares, Gustavo and Grechkin, Maxim and Le, Vu and Marron, Mark and Polozov, Oleksandr and Singh, Rishabh and Zorn, Benjamin and Gulwani, Sumit},
title = {User Interaction Models for Disambiguation in Programming by Example},
year = {2015},
booktitle = {UIST}
}

@inproceedings{lxr,
author = {Zhao, Wenyu and Blackburn, Stephen M. and McKinley, Kathryn S.},
title = {Low-Latency, High-Throughput Garbage Collection},
year = {2022},
booktitle = {PLDI}
}

@inproceedings{urc,
author = {Blackburn, Stephen M. and McKinley, Kathryn S.},
title = {Ulterior Reference Counting: Fast Garbage Collection without a Long Wait},
year = {2003},
booktitle = {OOPSLA}
}

@inproceedings{chickenclover,
author = {Pizlo, Filip and Petrank, Erez and Steensgaard, Bjarne},
title = {A Study of Concurrent Real-Time Garbage Collectors},
year = {2008},
booktitle = {PLDI}
}

@inproceedings{lefthandequals,
 author = {James Noble and Andrew P. Black and Kim B. Bruce and Michael Homer and Mark S. Miller},
 title = {The Left Hand of Equals},
 booktitle = {Onward!},
 year = {2016}
} 

@inproceedings{mesimd,
 author = {Barthe, Gilles and Crespo, Juan Manuel and Gulwani, Sumit and Kunz, Cesar and Marron, Mark},
 title = {From Relational Verification to {SIMD} Loop Synthesis},
 booktitle = {PPoPP},
 year = {2013}
} 

@inproceedings{saeedsimd,
 author = {Maleki, Saeed and Gao, Yaoqing and Garzar\'{a}n, Maria J. and Wong, Tommy and Padua, David A.},
 title = {An Evaluation of Vectorizing Compilers},
 booktitle = {PACT},
 year = {2011}
} 

@inproceedings{comega,
 author = {Bierman, Gavin and Meijer, Erik and Schulte, Wolfram},
 title = {The Essence of Data Access in {C$\omega$}: The Power is in the Dot!},
 booktitle = {ECOOP},
 year = {2005}
} 

@inproceedings{jseventloop,
 author = {Loring, Matthew C. and Marron, Mark and Leijen, Daan},
 title = {Semantics of Asynchronous JavaScript},
 booktitle = {DLS},
 year = {2017}
} 

@inproceedings{mettd,
 author = {Barr, Earl T. and Marron, Mark},
 title = {Tardis: Affordable Time-travel Debugging in Managed Runtimes},
 booktitle = {OOPSLA},
 year = {2014}
} 

@inproceedings{ttdjs,
 author = {Barr, Earl T. and Marron, Mark and Maurer, Ed and Moseley, Dan and Seth, Gaurav},
 title = {Time-travel Debugging for JavaScript/Node.Js},
 booktitle = {FSE},
 year = {2016}
} 

@inproceedings{speed,
author={Gulwani, Sumit},
title={SPEED: Symbolic Complexity Bound Analysis},
booktitle={CAV},
year={2009}
}

@inproceedings{mesharing,
 author = {Marron, Mark and M{\'e}ndez-Lojo, Mario and Hermenegildo, Manuel and Stefanovic, Darko and Kapur, Deepak},
 title = {Sharing Analysis of Arrays, Collections, and Recursive Structures},
 booktitle = {PASTE},
 year = {2008}
} 

@inproceedings{idioms,
author = {Miltiadis Allamanis and Charles Sutton},
title = {Mining Idioms from Source Code},
booktitle = {FSE},
year = {2014}
}

@inproceedings{tecton,
 author = {Kapur, Deepak and Musser, David R. and Stepanov, Alexander A.},
 title = {Tecton: A Language for Manipulating Generic Objects},
 booktitle = {Program Specification},
 year = {1982}
} 

@inproceedings{recschema,
 author = {Hinze, Ralf and Wu, Nicolas and Gibbons, Jeremy},
 title = {Unifying Structured Recursion Schemes},
 booktitle = {ICFP},
 year = {2013}
} 

@inproceedings{morphisms,
 author = {Meijer, Erik and Fokkinga, Maarten and Paterson, Ross},
 title = {Functional Programming with Bananas, Lenses, Envelopes and Barbed Wire},
 booktitle = {FPCA},
 year = {1991}
} 

@inproceedings{symdiff,
 author = {Lahiri, Shuvendu K. and McMillan, Kenneth L. and Sharma, Rahul and Hawblitzel, Chris},
 title = {Differential Assertion Checking},
 booktitle = {ESEC/FSE},
 year = {2013}
} 

@inproceedings{plang,
author = {Desai, Ankush and Gupta, Vivek and Jackson, Ethan and Qadeer, Shaz and Rajamani, Sriram and Zufferey, Damien},
title = {P: Safe Asynchronous Event-Driven Programming},
year = {2013},
booktitle = {PLDI}
}

@inproceedings{plangtest,
author = {Deligiannis, Pantazis and Donaldson, Alastair F. and Ketema, Jeroen and Lal, Akash and Thomson, Paul},
title = {Asynchronous Programming, Analysis and Testing with State Machines},
year = {2015},
booktitle = {PLDI}
}

@inproceedings{sumitspeed,
 author = {Gulwani, Sumit and Mehra, Krishna K. and Chilimbi, Trishul},
 title = {SPEED: Precise and Efficient Static Estimation of Program Computational Complexity},
 booktitle = {POPL},
 year = {2009}
} 

@inproceedings{threshing,
 author = {Blackshear, Sam and Chang, Bor-Yuh Evan and Sridharan, Manu},
 title = {Thresher: Precise Refutations for Heap Reachability},
 booktitle = {PLDI},
 year = {2013}
} 

@inproceedings{oinv1,
 author = {F\"{a}hndrich, Manuel and Leino, K. Rustan M.},
 title = {Declaring and Checking Non-null Types in an Object-oriented Language},
 booktitle = {OOPSLA},
 year = {2003}
} 

@inproceedings{oinv2,
 author = {Fahndrich, Manuel and Xia, Songtao},
 title = {Establishing Object Invariants with Delayed Types},
 booktitle = {OOPSLA},
 year = {2007}
 }

@inproceedings{invnonlinear,
 author = {Sankaranarayanan, Sriram and Sipma, Henny B. and Manna, Zohar},
 title = {Non-linear Loop Invariant Generation Using Gr\"{o}Bner Bases},
 booktitle = {POPL},
 year = {2004}
}

@incollection{nipsinv,
title = {Learning Loop Invariants for Program Verification},
author = {Si, Xujie and Dai, Hanjun and Raghothaman, Mukund and Naik, Mayur and Song, Le},
booktitle = {Advances in Neural Information Processing Systems 31},
pages = {7751--7762},
year = {2018}
}

@inproceedings{invdemand,
 author = {Leino, K. Rustan M. and Logozzo, Francesco},
 title = {Loop Invariants on Demand},
 booktitle = {APLAS},
 year = {2005}
}

@inproceedings{invgen,
 author = {Gupta, Ashutosh and Rybalchenko, Andrey},
 title = {InvGen: An Efficient Invariant Generator},
 booktitle = {CAV},
 year = {2009}
} 

@inproceedings{sel4,
 author = {Klein, Gerwin and Elphinstone, Kevin and Heiser, Gernot and Andronick, June and Cock, David and Derrin, Philip and Elkaduwe, Dhammika and Engelhardt, Kai and Kolanski, Rafal and Norrish, Michael and Sewell, Thomas and Tuch, Harvey and Winwood, Simon},
 title = {seL4: Formal Verification of an OS Kernel},
 booktitle = {SOSP},
 year = {2009}
}

@inproceedings{everest,
 author = {Protzenko, Jonathan and Zinzindohou{\'e}, Jean-Karim and Rastogi, Aseem and Ramananandro, Tahina and Wang, Peng and Zanella-B{\'e}guelin, Santiago and Delignat-Lavaud, Antoine and Hri\c{t}cu, C\u{a}t\u{a}lin and Bhargavan, Karthikeyan and Fournet, C{\'e}dric and Swamy, Nikhil},
 title = {Verified Low-level Programming Embedded in {F}*},
 booktitle = {ICFP},
 year = {2017}
}

@inproceedings{fpga,
 author = {Kou, Stephen and Palsberg, Jens},
 title = {From {OO} to {FPGA}: Fitting Round Objects into Square Hardware?},
 booktitle = {OOPSLA},
 year = {2010}
} 

@inproceedings{ptssa,
 author = {Hardekopf, Ben and Lin, Calvin},
 title = {Flow-sensitive Pointer Analysis for Millions of Lines of Code},
 booktitle = {CGO},
 year = {2011}
} 

@inproceedings{pasolved,
 author = {Hind, Michael},
 title = {Pointer Analysis: Haven'T We Solved This Problem Yet?},
 booktitle = {PASTE},
 year = {2001}
} 

@inproceedings{palinear,
 author = {Steensgaard, Bjarne},
 title = {Points-to Analysis in Almost Linear Time},
 booktitle = {POPL},
 year = {1996}
} 

@inproceedings{padsa,
 author = {Lattner, Chris and Lenharth, Andrew and Adve, Vikram},
 title = {Making Context-sensitive Points-to Analysis with Heap Cloning Practical for the Real World},
 booktitle = {PLDI},
 year = {2007}
} 

@inproceedings{paparallel,
 author = {M{\'e}ndez-Lojo, Mario and Mathew, Augustine and Pingali, Keshav},
 title = {Parallel Inclusion-based Points-to Analysis},
 booktitle = {OOPSLA},
 year = {2010}
} 

@inproceedings{purity,
 author = {S\u{a}lcianu, Alexandru and Rinard, Martin},
 title = {Purity and Side Effect Analysis for {J}ava Programs},
 booktitle = {VMCAI},
 year = {2005}
} 

@inproceedings{owner1,
 author = {Clarke, David G. and Potter, John M. and Noble, James},
 title = {Ownership Types for Flexible Alias Protection},
 booktitle = {OOPSLA},
 year = {1998}
} 

@inproceedings{owner2,
 author = {Clarke, Dave and Drossopoulou, Sophia},
 title = {Ownership, Encapsulation and the Disjointness of Type and Effect},
 booktitle = {OOPSLA},
 year = {2002}
}

@inproceedings{affinetypes,
 author = {Tov, Jesse A. and Pucella, Riccardo},
 title = {Practical Affine Types},
 booktitle = {POPL},
 year = {2011}
} 

@inproceedings{lineartypes,
    author = {Philip Wadler},
    title = {Linear Types Can Change the World!},
    booktitle = {Programming Concepts and Methods},
    year = {1990}
}

@inproceedings{loopslater,
 author = {Churchill, Berkeley and Sharma, Rahul and Bastien, JF and Aiken, Alex},
 title = {Sound Loop Superoptimization for Google Native Client},
 booktitle = {ASPLOS},
 year = {2017}
} 

@inproceedings{tddsynth,
 author = {Perelman, Daniel and Gulwani, Sumit and Grossman, Dan and Provost, Peter},
 title = {Test-driven Synthesis},
 booktitle = {PLDI},
 year = {2014}
}

@inproceedings {failurefailure,
author = {Zhenyu Guo and Sean McDirmid and Mao Yang and Li Zhuang and Pu Zhang and Yingwei Luo and Tom Bergan and Madan Musuvathi and Zheng Zhang and Lidong Zhou},
title = {Failure Recovery: When the Cure Is Worse Than the Disease},
booktitle = {HotOS XIV},
year = {2013}
}

@inproceedings{incorrectness, 
author = {Peter W. O'Hearn}, 
title = {Incorrectness Logic}, 
booktitle = {POPL},
year = {2019}
}

@InProceedings{dsaform,
author="Vanbroekhoven, Peter and Janssens, Gerda and Bruynooghe, Maurice and Catthoor, Francky",
title="Transformation to Dynamic Single Assignment Using a Simple Data Flow Analysis",
booktitle="APLAS",
year="2005"
}

@inproceedings{rossette,
author = {Torlak, Emina and Bodik, Rastislav},
title = {Growing Solver-Aided Languages with {R}osette},
year = {2013},
booktitle = {Onward!}
}


@inproceedings{why3,
  author = {Jean-Christophe Filli\^atre and Andrei Paskevich},
  title = {Why3 --- Where Programs Meet Provers},
  booktitle = {ESOP},
  year = 2013
}

@inproceedings{dafny,
  author       = {K. Rustan M. Leino},
  title        = {Dafny: An Automatic Program Verifier for Functional Correctness},
  booktitle    = {LPAR},
  year         = {2010}
}

@inproceedings{ivy,
author = {McMillan, Kenneth L. and Padon, Oded},
title = {Ivy: A Multi-Modal Verification Tool for Distributed Algorithms},
year = {2020},
booktitle = {CAV}
}

@inproceedings{dart,
author = {Patrice Godefroid, Nils Klarlund and Koushik Sen},
title = {{DART}: Directed automated random testing},
year = {2005},
booktitle = {PLDI}
}

@inproceedings{CKY03,
  AUTHOR    = { Kroening, Daniel and Clarke, Edmund and Yorav, Karen },
  TITLE     = { Behavioral Consistency of {C} and {Verilog} Programs Using Bounded Model Checking },
  BOOKTITLE = { DAC },
  YEAR      = { 2003 }
}

@inproceedings{rustflow,
author = {Will Crichton},
title = {The Usability of Ownership},
year = {2020},
booktitle = {HATRA}
}

@inproceedings{highassurance,
author = {Stephen Goldbaum and Attila Mihaly and Tosha Ellison and Earl T. Barr and Mark Marron},
title = {High Assurance Software for Financial Regulation and Business Platforms},
year = {2021},
booktitle = {VMCAI}
}


@article{racerd, 
author = {Sam Blackshear and Nikos Gorogiannis and  Peter W. O'Hearn and Ilya Sergey}, 
title = {RacerD: {C}ompositional Static Race Detection}, 
booktitle={OOPSLA},
year = {2018}
}

@TechReport{ambrosia,
author = {Goldstein, Jonathan and Abdelhamid, Ahmed and Barnett, Mike and Burckhardt, Sebastian and Chandramouli, Badrish and Gehring, Darren and Lebeck, Niel and Minhas, Umar Farooq and Newton, Ryan and Ghosh Peshawaria, Rahee and Zaccai, Tal and Zhang, Irene},
title = {A.M.B.R.O.S.I.A: Providing Performant Virtual Resiliency  for Distributed Applications},
organization = {Microsoft},
year = {2018}
}

@misc{joed,
	Key = {Joe Duffy Blog},
	Note = {\url{http://joeduffyblog.com/2010/06/27/on-partiallyconstructed-objects/}},
	Title = {On partially-constructed objects},
	 year = {2010}
}

@misc{typescript,
	Key = {TypeScript},
	Note = {\url{https://www.typescriptlang.org/}},
	Title = {3.3},
	 year = {2019}
}

@misc{javascript,
	Key = {JavaScript},
	Note = {\url{http://www.ecma-international.org/ecma-262/6.0/index.html}},
	Title = {ES6},
	 year = {2015}
}

@misc{queryselector,
	Key = {W3C},
	Note = {\url{https://www.w3.org/TR/selectors-api2/}},
	Title = {Selectors API},
	 year = {2013}
}

@misc{node,
	Key = {Node.js 11},
	Note = {\url{https://nodejs.org/}},
	 year = {2019}
}

@misc{reasonml,
	Key = {ReasonML},
	Note = {\url{https://reasonml.github.io/}},
	 year = {2019}
}

@misc{elm,
	Key = {elm},
	Note = {\url{https://elm-lang.org/}},
	 year = {2019}
}

@misc{immutablejs,
	Key = {immutable-js},
	Note = {\url{https://github.com/immutable-js/immutable-js}},
	 year = {2019}
}

@misc{react,
	Key = {React},
	Note = {\url{https://reactjs.org/}},
	Title = {react},
	 year = {2019}
}

@misc{express,
	Key = {express.js},
	Note = {\url{https://expressjs.com/}},
	Title = {express.js},
	 year = {2019}
}

@misc{redux,
	Key = {Redux},
	Note = {\url{https://github.com/reduxjs/redux}},
	 year = {2019}
}

@misc{rust,
	Key = {Rust},
	Note = {\url{https://www.rust-lang.org/}},
	Title = {Rust},
	year = {2022}
}

@misc{durablefuncs,
	Key = {Durable Functions},
	Note = {\url{https://docs.microsoft.com/en-us/azure/azure-functions/durable/durable-functions-overview}},
	Title = {Azure Durable Functions},
	 year = {2019}
}

@misc{linq,
	Key = {LINQ},
	Note = {\url{https://docs.microsoft.com/en-us/dotnet/csharp/programming-guide/concepts/linq/}},
	Title = {{LINQ}},
	 year = {2019}
}

@misc{javastreams,
	Key = {Java Streams},
	Note = {\url{https://docs.oracle.com/javase/8/docs/api/java/util/stream/package-summary.html}},
	Title = {Java Streams},
	 year = {2019}
}

@misc{underscore,
	Key = {Underscore.js},
	Note = {\url{https://underscorejs.org/}},
	Title = {underscore},
	 year = {2019}
}

@misc{lodash,
	Key = {Lodash},
	Note = {\url{https://lodash.com/}},
	Title = {lodash},
	 year = {2019}
}

@misc{asyncawait,
	Key = {Async/Await},
	Note = {\url{https://blogs.msdn.microsoft.com/dsyme/2007/10/10/introducing-f-asynchronous-workflows/}},
	Title = {Async/Await},
	 year = {2018}
}

@misc{jssort,
	Key = {Chromium},
	Note = {\url{https://bugs.chromium.org/p/v8/issues/detail?id=90}},
	Title = {V8 doesn't stable sort},
	 year = {2018}
}

@misc{copilot,
	Key = {Copilot},
	Note = {\url{https://github.com/features/copilot}},
	Title = {Copilot},
	 year = {2023}
}

@misc{npm,
	Key = {npm},
	Note = {\url{https://www.npmjs.com/}},
	Title = {npm.js},
	 year = {2023}
}

@misc{semver,
	Key = {SemVer},
	Note = {\url{https://semver.org/}},
	Title = {Semantic Versioning 2.0.0},
	 year = {2018}
}

@misc{log4j,
	Key = {log4j},
	Note = {\url{https://nvd.nist.gov/vuln/detail/CVE-2021-44228}},
	Title = {log4j {CVE}},
	 year = {2021}
}

@phdthesis{restphd,
author = {Roy Thomas Fielding},
title = {Architectural Styles and the Design of Network-Based Software Architectures},
year = {2000},
publisher = {University of California, Irvine},
}

@misc{gpt4,
      title={{GPT-4} Technical Report}, 
      author={OpenAI},
      year={2023},
      eprint={2303.08774},
      archivePrefix={arXiv},
      primaryClass={cs.CL}
}

@misc{optbug,
    Key = {optbug},
    Note = {\url{https://www.redhat.com/en/blog/security-flaws-caused-compiler-optimizations}},
    Title = {Redhat: Optimized Check CVEs},
    year = {2019}
}

@misc{openapi,
    Key = {openapi},
    Note = {\url{https://swagger.io/docs/specification/data-models/data-types/}},
    Title = {OpenAPI 3.0 Pattern},
    year = {2023}
}

@misc{afl,
    Key = {fuzz},
    Note = {\url{https://github.com/google/AFL}},
    Title = {American Fuzzy Lop},
    year = {2023}
}

@misc{morphirrepo,
    Key = {morphir},
    Note = {\url{https://github.com/finos/morphir}},
    Title = {Morphir},
    year = {2021}
}

@misc{napi,
    Key = {napi},
    Note = {\url{https://nodejs.org/api/n-api.html}},
    Title = {Node-API},
    year = {2023}
}

@misc{typespec,
    Key = {typespec},
    Note = {\url{https://microsoft.github.io/typespec/standard-library/built-in-decorators}},
    Title = {Microsoft TypeSpec},
    year = {2023}
}

@MISC{z3,
  author =	 {Leonardo de Moura and Nikolaj Bj{\o}rner and et. al.},
  title =	 {{Z3 SMT Theorem Prover}},
  howpublished = {{\tt https://github.com/Z3Prover/z3}},
  year =	 2021
}

